<record xmlns="http://www.loc.gov/MARC21/slim" xmlns:xsi="http://www.w3.org/2001/XMLSchema-instance" xsi:schemaLocation="http://www.loc.gov/MARC21/slim http://www.loc.gov/standards/marcxml/schema/MARC21slim.xsd"><leader>00542cz   2200193n  4500</leader><controlfield tag="001">oca00470836 </controlfield><controlfield tag="005">20050511120206.0</controlfield><controlfield tag="008">801003n| acannaab           |a aaa      </controlfield><datafield ind1=" " ind2=" " tag="010"><subfield code="a">n  80089698 </subfield></datafield><datafield ind1=" " ind2=" " tag="040"><subfield code="a">DLC</subfield><subfield code="c">DLC</subfield></datafield><datafield ind1=" " ind2="0" tag="053"><subfield code="a">PA3998.H2</subfield></datafield><datafield ind1="0" ind2=" " tag="100"><subfield code="a">Heliodorus,</subfield><subfield code="c">of Emesa.</subfield></datafield><datafield ind1="0" ind2=" " tag="400"><subfield code="a">HeÌ&#x84;liodoÌ&#x84;ros,</subfield><subfield code="c">of Emesa</subfield></datafield><datafield ind1="0" ind2=" " tag="400"><subfield code="a">Emesa,</subfield><subfield code="c">Heliodorus of</subfield></datafield><datafield ind1="0" ind2=" " tag="400"><subfield code="a">Geliodor,</subfield><subfield code="c">EmesskiiÌ&#x86;</subfield></datafield><datafield ind1="0" ind2=" " tag="400"><subfield code="a">Iliodor,</subfield><subfield code="c">EmesskiiÌ&#x86;</subfield></datafield><datafield ind1="0" ind2=" " tag="400"><subfield code="a">Heliodor,</subfield><subfield code="c">of Emesa</subfield></datafield><datafield ind1="0" ind2=" " tag="400"><subfield code="a">Heliodorus,</subfield><subfield code="c">Emesenus</subfield></datafield><datafield ind1=" " ind2=" " tag="670"><subfield code="a">His Aithiopika, 197-:</subfield><subfield code="b">t.p. (HeÌ&#x84;liodoÌ&#x84;ros)</subfield></datafield></record>